@Comment @PREAMBLE{ "\newcommand{\noopsort}[1]{} " }
@string{ap="Academic Press"}
@string{cup="Cambridge University Press"}
@string{mscs="Mathematical Structures in Computer Science"}
@string{mscs="MSCS"}
@string{lmcs="LMCS"}
@string{acm="ACM"}
@string{jacm="J. of the ACM"}
@string{entcs="ENTCS"}
@string{tcs="Theoretical Computer Science"}
@string{tcs="TCS"}
@string{ic="Information and Computation"}
@string{ic="Inf. and Comp."}
@string{jlap="JLAP"}
@string{lncs="LNCS"}
@string{sv="Springer"}
@string{ieee="IEEE"}
@string{lics="LICS"}
@string{csllics="CSL-LICS"}
@string{popl="POPL"}


@article{abramsky1990abstract,
  title={Abstract interpretation, logical relations, and Kan extensions},
  author={Abramsky, Samson},
  journal={Journal of logic and computation},
  volume={1},
  number={1},
  pages={5--40},
  year={1990},
  publisher={Oxford University Press}
}

@inproceedings{cousot1979systematic,
  title={Systematic design of program analysis frameworks},
  author={Cousot, Patrick and Cousot, Radhia},
  booktitle={Proceedings of the 6th ACM SIGACT-SIGPLAN symposium on Principles of programming languages},
  pages={269--282},
  year={1979},
  organization={ACM}
}
@inproceedings{cousot1977abstract,
  title={Abstract interpretation: a unified lattice model for static analysis of programs by construction or approximation of fixpoints},
  author={Cousot, Patrick and Cousot, Radhia},
  booktitle={Proceedings of the 4th ACM SIGACT-SIGPLAN symposium on Principles of programming languages},
  pages={238--252},
  year={1977},
  organization={ACM}
}


@book{davey_priestley_2002, place={Cambridge}, edition={2}, title={Introduction to Lattices and Order}, DOI={10.1017/CBO9780511809088}, publisher={Cambridge University Press}, author={Davey, B. A. and Priestley, H. A.}, year={2002}}

@inproceedings{BonchiPPR15,
  author    = {F. Bonchi and
               D. Petrisan and
               D. Pous and
               J. Rot},
  title     = {Lax Bialgebras and Up-To Techniques for Weak Bisimulations},
  booktitle = {26th International Conference on Concurrency Theory, {CONCUR} 2015,
               Madrid, Spain, September 1.4, 2015},
  pages     = {240--253},
  year      = {2015},
  url       = {http://dx.doi.org/10.4230/LIPIcs.CONCUR.2015.240},
  doi       = {10.4230/LIPIcs.CONCUR.2015.240},
  timestamp = {Wed, 02 Sep 2015 14:06:49 +0200},
  biburl    = {http://dblp.uni-trier.de/rec/bib/conf/concur/BonchiPPR15},
  bibsource = {dblp computer science bibliography, http://dblp.org}
}

@phdthesis{Rot15:phd,
  Author = {J. Rot},
  Month = {October},
  School = {Leiden University},
  Title = {Enhanced Coinduction},
  Year = 2015
}

@techreport{hopcroft1971n,
  title={An N Log N Algorithm for Minimizing States in a Finite Automaton},
  author={Hopcroft, John},
  year={1971},
  institution={STANFORD UNIV CALIF DEPT OF COMPUTER SCIENCE}
}


@techreport{HopcroftKarp,
  author =	 {J. E. Hopcroft and R. M. Karp},
  title =	 {A Linear Algorithm for Testing Equivalence of Finite
                  Automata},
  url =
                  {http://techreports.library.cornell.edu:8081/Dienst/UI/1.0/Display/cul.cs/TR71-114},
  institution =	 {Cornell Univ.},
  number =	 114,
  month =	 {December},
  year =	 1971
}

@inproceedings{DBLP:conf/lics/Klin07,
  author =	 {B. Klin},
  title =	 {Bialgebraic Operational Semantics and Modal Logic},
  booktitle =	 lics,
  year =	 2007,
  pages =	 {336-345},
  publisher =	 ieee,
  ee =
                  {http://doi.ieeecomputersociety.org/10.1109/LICS.2007.13},
}


@article{Simpson2004287,
  author =	 "A. Simpson",
  title =	 "Sequent calculi for process verification:
                  {H}ennessy-{M}ilner logic for an arbitrary {GSOS} ",
  journal =	 jlap,
  volume =	 {60--61},
  pages =	 {287-322},
  year =	 2004,
}
  @Comment number =	 0,




@inproceedings{DBLP:conf/concur/Dam95,
  author =	 {M. Dam},
  title =	 {Compositional Proof Systems for Model Checking
                  Infinite State Processes},
  booktitle =	 {CONCUR},
  year =	 1995,
  pages =	 {12-26},
  ee =		 {http://dx.doi.org/10.1007/3-540-60218-6_2},
  publisher =	 sv,
  series =	 lncs,
  volume =	 962,
}



@article{Luo06,
	Author = {L. Luo},
	Bibsource = {DBLP, http://dblp.uni-trier.de},
	Ee = {http://dx.doi.org/10.1016/j.entcs.2006.06.007},
	Journal = {Electr. Notes Theor. Comput. Sci.},
	Number = {1},
	Pages = {105-119},
	Title = {An Effective Coalgebraic Bisimulation Proof Method},
	Volume = {164},
	Year = {2006}}
	
@inproceedings{ZLLQS10,
	Author = {X. Zhou and Y. Li and W. Li and H. Qiao and Z. Shu},
	Bibsource = {DBLP, http://dblp.uni-trier.de},
	Booktitle = {APLAS},
	Crossref = {DBLP:conf/aplas/2010},
	Ee = {http://dx.doi.org/10.1007/978-3-642-17164-2_17},
	Pages = {239-254},
	Title = {Bisimulation Proof Methods in a Path-Based Specification Language for Polynomial Coalgebras},
	Year = {2010}}
	
@proceedings{DBLP:conf/aplas/2010,
	Bibsource = {DBLP, http://dblp.uni-trier.de},
	Booktitle = {APLAS},
	Ee = {http://dx.doi.org/10.1007/978-3-642-17164-2},
	Isbn = {978-3-642-17163-5},
	Publisher = {Springer},
	Series = {LNCS},
	Title = {Programming Languages and Systems - 8th Asian Symposium, APLAS 2010, Shanghai, China, November 28 - December 1, 2010. Proceedings},
	Volume = {6461},
	Year = {2010}}
	
	
@article{Lenisa99,
	Author = {M. Lenisa},
	Bibsource = {DBLP, http://dblp.uni-trier.de},
	Ee = {http://dx.doi.org/10.1016/S1571-0661(05)80265-8},
	Journal = {ENTCS},
	Pages = {2-22},
	Title = {From Set-theoretic Coinduction to Coalgebraic Coinduction: some results, some problems},
	Volume = {19},
	Year = {1999}}

@article{LenisaPW00,
  Author =	 {M. Lenisa and J. Power and H. Watanabe},
  Ee =		 {http://dx.doi.org/10.1016/S1571-0661(05)80350-0},
  Journal =	 {ENTCS},
  Pages =	 {230-260},
  Title =	 {Distributivity for endofunctors, pointed and
                  co-pointed endofunctors, monads and comonads},
  Volume =	 33,
  Year =	 2000
}

@inproceedings{BRR13,
	Author = {J. Rot and M. Bonsangue and J. Rutten},
	Bibsource = {DBLP, http://dblp.uni-trier.de},
	Booktitle = {SOFSEM},
	Editor = {P. van Emde Boas and F. Groen and G. Italiano and J. Nawrocki and H. Sack},
	Ee = {http://dx.doi.org/10.1007/978-3-642-35843-2_32},
	Pages = {369-381},
	Publisher = {Springer},
	Series = {LNCS},
	Title = {Coalgebraic Bisimulation-Up-To},
	Volume = {7741},
	Year = {2013}
}

@article{Staton11,
  author =	 {S. Staton},
  title =	 {Relating coalgebraic notions of bisimulation},
  journal =	 lmcs,
  volume =	 7,
  number =	 1,
  year =	 2011,
  ee =		 {http://dx.doi.org/10.2168/LMCS-7(1:13)2011},
  bibsource =	 {DBLP, http://dblp.uni-trier.de}
}



@incollection {PS12,
  author =	 {D. Pous and D. Sangiorgi},
  title =	 {Enhancements of the bisimulation proof method},
  booktitle =	 {Advanced Topics in Bisimulation and Coinduction},
  publisher =	 cup,
  pages =	 {233-289},
  year =	 2012,
  url =
                  {http://www.cambridge.org/gb/knowledge/isbn/item6542021},
  isbn =	 9781107004979,
}

@article{DBLP:journals/cj/CirsteaKPSV11,
  author =	 {C. C\^{\i}rstea and A. Kurz and D. Pattinson and
                  L. Schr{\"o}der and Y. Venema},
  title =	 {Modal Logics are Coalgebraic},
  journal =	 {Comput. J.},
  volume =	 54,
  number =	 1,
  year =	 2011,
  pages =	 {31-41},
  ee =		 {http://dx.doi.org/10.1093/comjnl/bxp004},
  bibsource =	 {DBLP, http://dblp.uni-trier.de}
}




@incollection{AFV,
  title =	 {Structural Operational Semantics},
  author =	 {L. Aceto and W. Fokkink and C. Verhoef},
  year =	 2001,
  booktitle =	 {Handbook of Process Algebra},
  publisher =	 {Elsevier},
  pages =	 {197--292},
  doi =		 {10.1016/B978-044482830-9/50021-7}
} 

@inproceedings{MS10,
  title =	 {Positive structural operational semantics and
                  monotone distributive laws},
  author =	 {M. Fiore and S. Staton},
  booktitle =	 {CMCS},
  pages =	 8,
  year =	 2010
}


@phdthesis{Bartels04:phd,
  Author =	 {F. Bartels},
  Month =	 {April},
  School =	 {CWI, Amsterdam},
  Source =	 {http://www.dcs.ed.ac.uk/home/dt/},
  Title =	 {On generalised coinduction and probabilistic
                  specification formats},
  Year =	 2004
}

@inproceedings{DBLP:conf/lics/TuriP97,
  author =	 {D. Turi and G. D. Plotkin},
  title =	 {Towards a Mathematical Operational Semantics},
  booktitle =	 lics,
  year =	 1997,
  pages =	 {280-291},
  ee =
                  {http://doi.ieeecomputersociety.org/10.1109/LICS.1997.614955},
  publisher =	 ieee,
}


@article{HughesJ04,
  author =	 {J. Hughes and B. Jacobs},
  title =	 {Simulations in coalgebra},
  journal =	 tcs,
  volume =	 327,
  number =	 {1-2},
  year =	 2004,
  pages =	 {71-108},
  ee =		 {http://dx.doi.org/10.1016/j.tcs.2004.07.022},
}


@article{Bonchi12,
  Author =	 {F. Bonchi and M. Bonsangue and M. Boreale and
                  J. Rutten and A. Silva},
  Ee =		 {http://dx.doi.org/10.1016/j.ic.2011.12.002},
  Journal =	 ic,
  Pages =	 {77-105},
  Title =	 {A coalgebraic perspective on linear weighted
                  automata},
  Volume =	 211,
  Year =	 2012
}

@inproceedings{BojanczykKLT13,
  author =	 {M. Bojanczyk and B. Klin and S. Lasota and
                  S. Torunczyk},
  title =	 {Turing Machines with Atoms},
  booktitle =	 lics,
  year =	 2013,
  pages =	 {183-192},
  ee =
                  {http://doi.ieeecomputersociety.org/10.1109/LICS.2013.24},
}


@article{Rutten03,
  author =	 {J. Rutten},
  title =	 {Behavioural differential equations: a coinductive
                  calculus of streams, automata, and power series},
  journal =	 tcs,
  volume =	 308,
  number =	 {1-3},
  year =	 2003,
  pages =	 {1-53},
  ee =		 {http://dx.doi.org/10.1016/S0304-3975(02)00895-2},
  bibsource =	 {DBLP, http://dblp.uni-trier.de}
}


@article{Rutten00,
  author =	 {J. Rutten},
  title =	 {Universal coalgebra: a theory of systems},
  journal =	 tcs,
  volume =	 249,
  number =	 1,
  year =	 2000,
  pages =	 {3-80},
  ee =		 {http://dx.doi.org/10.1016/S0304-3975(00)00056-6},
  bibsource =	 {DBLP, http://dblp.uni-trier.de}
}

@techreport{KS12b,
  author =	 "D. Kozen and A. Silva",
  title =	 "Practical Coinduction",
  institution =	 "Cornell University",
  number =	 "{\url{http://hdl.handle.net/1813/30510}}",
  month =	 "November",
  year =	 2012
}

@article{Barr:free-triple,
  author =	 {M. Barr},
  title =	 {Coequalizers and Free Triples},
  journal =	 {Math. Z.},
  year =	 1970,
  volume =	 116,
  pages =	 {307-322},
}

@inproceedings{JacobsSS12,
  author =	 {B. Jacobs and A. Silva and A. Sokolova},
  title =	 {Trace Semantics via Determinization},
  booktitle =	 {CMCS},
  year =	 2012,
  pages =	 {109-129},
  ee =		 {http://dx.doi.org/10.1007/978-3-642-32784-1_7},
}

@inproceedings{SilvaBBR10,
  author =	 {A. Silva and F. Bonchi and M. Bonsangue and
                  J. Rutten},
  title =	 {Generalizing the powerset construction,
                  coalgebraically},
  booktitle =	 {FSTTCS},
  year =	 2010,
  pages =	 {272-283},
  ee =		 {http://dx.doi.org/10.4230/LIPIcs.FSTTCS.2010.272},
}

@article{RotBBPRS,
  author =	 {J. Rot and F. Bonchi and M. Bonsangue and D. Pous
                  and J. Rutten and A. Silva},
  title =	 {Enhanced Coalgebraic Bisimulation},
  journal =	 mscs,
  month =	 {2},
  year =	 {2016},
  issn =	 {1469-8072},
  pages =	 {1--29},
  doi =		 {10.1017/S0960129515000523}
}

@InProceedings{bp:popl13:hkc,
  author =	 {F. Bonchi and D. Pous},
  title =	 {Checking {NFA} equivalence with bisimu\-la\-tions up to
                  congruence},
  booktitle =	 popl,
  year =	 2013,
  publisher =	 acm,
  isbn =	 {978-1-4503-1832-7},
  pages =	 {457-468},
  url =		 {http://doi.acm.org/10.1145/2429069.2429124},
}

@article{Caucal90,
  author =	 {D. Caucal},
  title =	 {Graphes canoniques de graphes alg{\'e}briques},
  journal =	 {ITA},
  volume =	 24,
  year =	 1990,
  pages =	 {339-352},
  url =
                  {http://archive.numdam.org/article/ITA_1990__24_4_339_0.pdf}
}

@book{Milner89,
  author =	 {R. Milner},
  title =	 {Communication and Concurrency},
  publisher =	 {Prentice\,Hall},
  year =	 1989,
}


@article{San98MFCS,
  author =	 {D. Sangiorgi},
  title =	 {On the Bisimulation Proof Method},
  journal =	 mscs,
  volume =	 8,
  pages =	 {447-479},
  year =	 1998,
  url =		 "http://dx.doi.org/10.1017/S0960129598002527",
}

@Book{book:sangiorgi11,
  author =	 {D. Sangiorgi},
  title =	 {Introduction to Bisimulation and Coinduction},
  publisher =	 cup,
  year =	 2011,
  url =
                  {http://www.cambridge.org/gb/knowledge/isbn/item6542019/}
}

@article{Jacobs:comprehension,
  author =	 {B. Jacobs},
  title =	 {Comprehension categories and the semantics of type
                  dependency},
  journal =	 tcs,
  volume =	 107,
  issue =	 2,
  pages =	 {169--207},
  year =	 1993,
}


@inproceedings{HasuoCKJ:coindFib,
  author =	 {I. Hasuo and K. Cho and T. Kataoka and B. Jacobs},
  title =	 {Coinductive Predicates and Final Sequences in a
                  Fibration},
  booktitle =	 {MFPS},
  year =	 2013
}

@misc{Jacobs:coalg,
  author =	 {B. Jacobs},
  title =	 {Introduction to Coalgebra. {T}owards Mathematics of
                  States and Observations},
  note =	 {Draft},
  year =	 2014
}


@book{Jacobs:fib,
  author =	 {B. Jacobs},
  title =	 {Categorical Logic and Type Theory},
  publisher =	 {Elsevier},
  year =	 1999
}

@article{Hermida97structuralinduction,
  author =	 {C. Hermida and B. Jacobs},
  title =	 {Structural Induction and Coinduction in a
                  Fibrational Setting},
  journal =	 ic,
  year =	 1997,
  volume =	 145,
  pages =	 {107--152}
}

@InProceedings{pous:aplas07:clut,
  author =	 {D. Pous},
  title =	 {Complete Lattices and Up-To Techniques},
  booktitle =	 {APLAS},
  pages =	 {351-366},
  year =	 2007,
  volume =	 4807,
  series =	 lncs,
  publisher =	 sv,
  url =		 {http://dx.doi.org/10.1007/978-3-540-76637-7_24},
}

@inproceedings{BloomCT88:GSOS,
  author =	 {Bloom, B. and Istrail, S. and Meyer, A. R.},
  title =	 {Bisimulation Can't Be Traced},
  booktitle =	 popl,
  year =	 1988,
  pages =	 {229--239},
  url =		 {http://doi.acm.org/10.1145/73560.73580},
  doi =		 {10.1145/73560.73580},
  publisher =	 {ACM},
} 

@book{Pitts-book,
  author =	 {A. M. Pitts},
  title =	 {Nominal Sets},
  year =	 2013,
  publisher =	 cup
}

@inproceedings{BojanczykKL11,
  author =	 {M. Bojanczyk and B. Klin and S.  Lasota},
  title =	 {Automata with Group Actions},
  booktitle =	 lics,
  year =	 2011,
  pages =	 {355-364},
  ee =
                  {http://doi.ieeecomputersociety.org/10.1109/LICS.2011.48},
}

@inproceedings{MontanariP05,
  author =	 {U. Montanari and M. Pistore},
  title =	 {History-Dependent Automata: An Introduction},
  booktitle =	 {SFM},
  year =	 2005,
  pages =	 {1-28},
  publisher =	 sv,
  series =	 lncs,
  ee =		 {http://dx.doi.org/10.1007/11419822_1},
}

@article{FioreS09,
  author =	 {M. Fiore and S. Staton},
  title =	 {A congruence rule format for name-passing process
                  calculi},
  journal =	 ic,
  volume =	 207,
  number =	 2,
  year =	 2009,
  pages =	 {209-236},
  ee =		 {http://dx.doi.org/10.1016/j.ic.2007.12.005},
}

@article{Bartels03,
  author =	 {F. Bartels},
  title =	 {Generalised Coinduction},
  journal =	 mscs,
  volume =	 13,
  number =	 2,
  year =	 2003,
  pages =	 {321-348},
  ee =		 {http://dx.doi.org/10.1017/S0960129502003900},
  bibsource =	 {DBLP, http://dblp.uni-trier.de}
}

@incollection{Street74,
  year =	 1974,
  isbn =	 {978-3-540-06966-9},
  booktitle =	 {Category Seminar},
  volume =	 420,
  series =	 {Lecture Notes in Mathematics},
  editor =	 {Kelly, GregoryM.},
  doi =		 {10.1007/BFb0063102},
  title =	 {Fibrations and {Y}oneda's lemma in a 2-category},
  url =		 {http://dx.doi.org/10.1007/BFb0063102},
  publisher =	 {Springer Berlin Heidelberg},
  author =	 {Street, R.},
  pages =	 {104-133}
}

@PhdThesis{Petrisan:phd,
  author = 	 {Petri{\c s}an, D.},
  title = 	 {Investigations into Algebra and Topology over Nominal Sets},
  school = 	 {University of Leicester},
  year = 	 {2012}
}


@article{Bloom95,
  author    = {B. Bloom},
  title     = {Structural Operational Semantics for Weak Bisimulations},
  journal   = {Theor. Comput. Sci.},
  volume    = 146,
  number    = {1{\&}2},
  pages     = {25--68},
  year      = 1995,
  url       = {http://dx.doi.org/10.1016/0304-3975(94)00152-9},
  doi       = {10.1016/0304-3975(94)00152-9},
  timestamp = {Wed, 19 Nov 2003 16:10:05 +0100},
  biburl    = {http://dblp.uni-trier.de/rec/bib/journals/tcs/Bloom95},
  bibsource = {dblp computer science bibliography, http://dblp.org}
}

@inproceedings{DBLP:conf/mfcs/MontanariS91,
  author    = {U. Montanari and
               V. Sassone},
  title     = {{CCS} Dynamic Bisimulation is Progressing},
  booktitle = {{MFCS}},
  pages     = {346--356},
  year      = {1991},
  url       = {http://dx.doi.org/10.1007/3-540-54345-7_78},
  doi       = {10.1007/3-540-54345-7_78},
  timestamp = {Mon, 21 Sep 2009 14:00:20 +0200},
  biburl    = {http://dblp.uni-trier.de/rec/bib/conf/mfcs/MontanariS91},
  bibsource = {dblp computer science bibliography, http://dblp.org}
}


@inproceedings{BonchiPPR14,
  author    = {F. Bonchi and
               D. Petri{\c s}an and
               D. Pous and
               J. Rot},
  title     = {Coinduction up-to in a fibrational setting},
  booktitle ={{CSL-LICS}},
  pages     = {20},
  year      = {2014},
  crossref  = {DBLP:conf/csl/2014},
  url       = {http://doi.acm.org/10.1145/2603088.2603149},
  doi       = {10.1145/2603088.2603149},
  timestamp = {Fri, 12 Sep 2014 15:22:48 +0200},
  biburl    = {http://dblp.uni-trier.de/rec/bib/conf/csl/BonchiPPR14},
  bibsource = {dblp computer science bibliography, http://dblp.org}
}

@proceedings{DBLP:conf/csl/2014,
  title     = {Joint Meeting of the Twenty-Third {EACSL} Annual Conference on Computer
               Science Logic {(CSL)} and the Twenty-Ninth Annual {ACM/IEEE} Symposium
               on Logic in Computer Science (LICS), {CSL-LICS} '14, Vienna, Austria,
               July 14 - 18, 2014},
  publisher = {{ACM}},
  year      = {2014},
  url       = {http://dl.acm.org/citation.cfm?id=2603088},
  isbn      = {978-1-4503-2886-9},
  timestamp = {Fri, 12 Sep 2014 15:21:24 +0200},
  biburl    = {http://dblp.uni-trier.de/rec/bib/conf/csl/2014},
  bibsource = {dblp computer science bibliography, http://dblp.org}
}

@article{DBLP:journals/tcs/Klin11,
	Author = {B. Klin},
	Journal = {TCS},
	Number = {38},
	Pages = {5043--5069},
	Title = {Bialgebras for structural operational semantics: An introduction},
	Volume = {412},
	Year = {2011}}

@inproceedings{turi1997towards,
  title={Towards a mathematical operational semantics},
  author={Turi, Daniele and Plotkin, Gordon},
  booktitle={Logic in Computer Science, 1997. LICS'97. Proceedings., 12th Annual IEEE Symposium on},
  pages={280--291},
  year={1997},
  organization={IEEE}
}

@inproceedings{DBLP:conf/lics/Kozen91,
  author    = {Dexter Kozen},
  title     = {A Completeness Theorem for {Kleene} Algebras and the Algebra of Regular
               Events},
  booktitle = {Proceedings of the Sixth Annual Symposium on Logic in Computer Science
               {(LICS} '91), Amsterdam, The Netherlands, July 15-18, 1991},
  pages     = {214--225},
  year      = {1991},
  url       = {http://dx.doi.org/10.1109/LICS.1991.151646},
  doi       = {10.1109/LICS.1991.151646},
  timestamp = {Thu, 22 Jan 2015 08:24:08 +0100},
  biburl    = {http://dblp.uni-trier.de/rec/bib/conf/lics/Kozen91},
  bibsource = {dblp computer science bibliography, http://dblp.org}
}



@article{DBLP:journals/jacm/Brzozowski64,
  author    = {Janusz A. Brzozowski},
  title     = {Derivatives of Regular Expressions},
  journal   = {J. ACM},
  volume    = {11},
  number    = {4},
  year      = {1964},
  pages     = {481-494},
  ee        = {db/journals/jacm/Brzozowski64.html, http://doi.acm.org/10.1145/321239.321249},
  bibsource = {DBLP, http://dblp.uni-trier.de}
}

	
@inproceedings{ZLLQS10,
	Author = {X. Zhou and Y. Li and W. Li and H. Qiao and Z. Shu},
	Bibsource = {DBLP, http://dblp.uni-trier.de},
	Booktitle = {APLAS},
	Crossref = {DBLP:conf/aplas/2010},
	Ee = {http://dx.doi.org/10.1007/978-3-642-17164-2_17},
	Pages = {239-254},
	Title = {Bisimulation Proof Methods in a Path-Based Specification Language for Polynomial Coalgebras},
	Year = {2010}}
	
@proceedings{DBLP:conf/aplas/2010,
	Bibsource = {DBLP, http://dblp.uni-trier.de},
	Booktitle = {APLAS},
	Ee = {http://dx.doi.org/10.1007/978-3-642-17164-2},
	Isbn = {978-3-642-17163-5},
	Publisher = {Springer},
	Series = {LNCS},
	Title = {Programming Languages and Systems - 8th Asian Symposium, APLAS 2010, Shanghai, China, November 28 - December 1, 2010. Proceedings},
	Volume = {6461},
	Year = {2010}}
	
@inproceedings{BRR13,
	Author = {J. Rot and M. Bonsangue and J. Rutten},
	Bibsource = {DBLP, http://dblp.uni-trier.de},
	Booktitle = {SOFSEM},
	Ee = {http://dx.doi.org/10.1007/978-3-642-35843-2_32},
	Pages = {369-381},
	Publisher = {Springer},
	Series = {LNCS},
	Title = {Coalgebraic Bisimulation-Up-To},
	Volume = {7741},
	Year = {2013}
}


@article{Rutten03,
  author =	 {J. Rutten},
  title =	 {Behavioural differential equations: a coinductive
                  calculus of streams, automata, and power series},
  journal =	 tcs,
  volume =	 308,
  number =	 {1-3},
  year =	 2003,
  pages =	 {1-53},
  ee =		 {http://dx.doi.org/10.1016/S0304-3975(02)00895-2},
  bibsource =	 {DBLP, http://dblp.uni-trier.de}
}

@techreport{KS12b,
  author =	 "D. Kozen and A. Silva",
  title =	 "Practical Coinduction",
  institution =	 "Cornell University",
  number =	 "{\url{http://hdl.handle.net/1813/30510}}",
  month =	 "November",
  year =	 2012
}

@article{Barr:free-triple,
  author =	 {M. Barr},
  title =	 {Coequalizers and Free Triples},
  journal =	 {Math. Z.},
  year =	 1970,
  volume =	 116,
  pages =	 {307-322},
}

@inproceedings{JacobsSS12,
  author =	 {B. Jacobs and A. Silva and A. Sokolova},
  title =	 {Trace Semantics via Determinization},
  booktitle =	 {CMCS},
  year =	 2012,
  pages =	 {109-129},
  ee =		 {http://dx.doi.org/10.1007/978-3-642-32784-1_7},
}

@article{Jacobs:comprehension,
  author =	 {B. Jacobs},
  title =	 {Comprehension categories and the semantics of type
                  dependency},
  journal =	 tcs,
  volume =	 107,
  issue =	 2,
  pages =	 {169--207},
  year =	 1993,
}



@Misc{this:long:tofix,
  author =	 {F. {\noopsort{zzz}}Bonchi and D. Petrisan and D. Pous and J. Rot},
  title =	 {Extended version of this abstract, with omitted proofs},
  howpublished = {\url{http://arxiv.org/abs/1401.6675/}},
  year =	 2014
}

@incollection{BalanK11,
year=2011,
isbn={978-3-642-22943-5},
booktitle={{CALCO}},
volume=6859,
series=lncs,
doi={10.1007/978-3-642-22944-2_7},
title={Finitary Functors: From {S}et to {P}reord and {P}oset},
url={http://dx.doi.org/10.1007/978-3-642-22944-2_7},
publisher={Springer},
keywords={extension; lifting; relator; simulation; (final) coalgebra; exact square; embedding},
author={Balan, A. and Kurz, A.},
pages={85-99},
language={English}
}


@incollection{BalanKV13,
year=2013,
isbn={978-3-642-40205-0},
booktitle={{CALCO}},
volume=8089,
series=lncs,
doi={10.1007/978-3-642-40206-7_6},
title={Positive Fragments of Coalgebraic Logics},
url={http://dx.doi.org/10.1007/978-3-642-40206-7_6},
publisher={Springer},
keywords={coalgebraic logic; duality; positive modal logic},
author={Balan, A. and Kurz, A. and Velebil, J.},
pages={51-65},
language={English}
}


@article{DBLP:journals/jacm/GlabbeekW96,
  author    = {R. van Glabbeek and
               W. Weijland},
  title     = {Branching Time and Abstraction in Bisimulation Semantics},
  journal   = {J. {ACM}},
  volume    = {43},
  number    = {3},
  pages     = {555--600},
  year      = {1996},
  url       = {http://doi.acm.org/10.1145/233551.233556},
  doi       = {10.1145/233551.233556},
  timestamp = {Thu, 20 Nov 2003 12:28:09 +0100},
  biburl    = {http://dblp.uni-trier.de/rec/bib/journals/jacm/GlabbeekW96},
  bibsource = {dblp computer science bibliography, http://dblp.org}
}

@phdthesis{Thijs96,
  author       = {A. M. Thijs}, 
  title        = {Simulation and fixpoint semantics},
  school       = {Univ. of Groningen},
  year         = 1996,
}

@article{vanGlabbeek11,
title = "On cool congruence formats for weak bisimulations ",
journal = "Theoretical Computer Science ",
volume = "412",
number = "28",
pages = "3283 - 3302",
year = "2011",
note = "Festschrift in Honour of Jan Bergstra ",
issn = "0304-3975",
doi = "http://dx.doi.org/10.1016/j.tcs.2011.02.036",
url = "http://www.sciencedirect.com/science/article/pii/S0304397511001605",
author = "R. van Glabbeek",
}

@article{DeSimone85,
title = "Higher-level synchronising devices in {M}eije-{SCCS} ",
journal = "Theoretical Computer Science ",
volume = "37",
number = "0",
pages = "245 - 267",
year = "1985",
note = "",
issn = "0304-3975",
doi = "http://dx.doi.org/10.1016/0304-3975(85)90093-3",
url = "http://www.sciencedirect.com/science/article/pii/0304397585900933",
author = "R. de Simone",
}

@inproceedings{HurNDV13,
 author = {Hur, C.-K. and Neis, G. and Dreyer, D. and Vafeiadis, V.},
 title = {The Power of Parameterization in Coinductive Proof},
 booktitle = {POPL '13},
 year = 2013,
 isbn = {978-1-4503-1832-7},
 location = {Rome, Italy},
 pages = {193--206},
 numpages = 14,
 url = {http://doi.acm.org/10.1145/2429069.2429093},
 doi = {10.1145/2429069.2429093},
 acmid = 2429093,
 publisher = {ACM},
 address = {New York, NY, USA},
 keywords = {coinduction, compositionality, interactive theorem proving, lattice theory, parameterized greatest fixed point, simulation},
} 


@inproceedings{ChaudhuriCM15,
 author = {Chaudhuri, Kaustuv and Cimini, Matteo and Miller, Dale},
 title = {A Lightweight Formalization of the Metatheory of Bisimulation-Up-To},
 booktitle = {Proceedings of the 2015 Conference on Certified Programs and Proofs},
 series = {CPP '15},
 year = {2015},
 isbn = {978-1-4503-3296-5},
 location = {Mumbai, India},
 pages = {157--166},
 numpages = {10},
 url = {http://doi.acm.org/10.1145/2676724.2693170},
 doi = {10.1145/2676724.2693170},
 acmid = {2693170},
 publisher = {ACM},
 address = {New York, NY, USA},
 keywords = {{\$\lambda\$}-tree syntax, abella, bisimulation-up-to, co-induction, process calculus},
} 

@inproceedings{DBLP:conf/concur/ParrowS92,
  author    = {Joachim Parrow and
               Peter Sj{\"{o}}din},
  title     = {Multiway Synchronization Verified with Coupled Simulation},
  booktitle = {{CONCUR} '92, Third International Conference on Concurrency Theory,
               Stony Brook, NY, USA, August 24-27, 1992, Proceedings},
  pages     = {518--533},
  year      = {1992},
  crossref  = {DBLP:conf/concur/1992},
  url       = {http://dx.doi.org/10.1007/BFb0084813},
  doi       = {10.1007/BFb0084813},
  timestamp = {Tue, 13 Oct 2009 15:21:47 +0200},
  biburl    = {http://dblp.uni-trier.de/rec/bib/conf/concur/ParrowS92},
  bibsource = {dblp computer science bibliography, http://dblp.org}
}
@proceedings{DBLP:conf/concur/1992,
  editor    = {Rance Cleaveland},
  title     = {{CONCUR} '92, Third International Conference on Concurrency Theory,
               Stony Brook, NY, USA, August 24-27, 1992, Proceedings},
  series    = {Lecture Notes in Computer Science},
  volume    = {630},
  publisher = {Springer},
  year      = {1992},
  isbn      = {3-540-55822-5},
  timestamp = {Mon, 22 Apr 2002 10:13:05 +0200},
  biburl    = {http://dblp.uni-trier.de/rec/bib/conf/concur/1992},
  bibsource = {dblp computer science bibliography, http://dblp.org}
}

@article{Brengos15,
  author    = {Tomasz Brengos},
  title     = {Weak bisimulation for coalgebras over order enriched monads},
  journal   = {Logical Methods in Computer Science},
  volume    = {11},
  number    = {2},
  year      = {2015}
}

@article{Sokolova11,
  author    = {Ana Sokolova},
  title     = {Probabilistic systems coalgebraically: {A} survey},
  journal   = {Theor. Comput. Sci.},
  volume    = {412},
  number    = {38},
  pages     = {5095--5110},
  year      = {2011}
}

@article{SokolovaVW09,
  author    = {Ana Sokolova and
               Erik P. de Vink and
               Harald Woracek},
  title     = {Coalgebraic Weak Bisimulation for Action-Type Systems},
  journal   = {Sci. Ann. Comp. Sci.},
  volume    = {19},
  pages     = {93--144},
  year      = {2009}
}

@article{BrengosMP15,
  author    = {Tomasz Brengos and
               Marino Miculan and
               Marco Peressotti},
  title     = {Behavioural equivalences for coalgebras with unobservable moves},
  journal   = {J. Log. Algebr. Meth. Program.},
  volume    = {84},
  number    = {6},
  pages     = {826--852},
  year      = {2015}
}

@inproceedings{GoncharovP14,
  author    = {Sergey Goncharov and
               Dirk Pattinson},
  title     = {Coalgebraic Weak Bisimulation from Recursive Equations over Monads},
  booktitle = {{ICALP} {(2)}},
  series    = {Lecture Notes in Computer Science},
  volume    = {8573},
  pages     = {196--207},
  publisher = {Springer},
  year      = {2014}
}